@article{Law2014,
author = {Law, Charity W and Chen, Yunshun and Shi, Wei and Smyth, Gordon K},
year = {2014},
title = {voom: Precision weights unlock linear model analysis tools for RNA-seq read counts.},
journal = {Genome biology},
volume = {15},
number = {2},
pages = {R29},
doi = {10.1186/gb-2014-15-2-r29}
}
@article{Ritchie2015,
author = {Ritchie, Matthew E and Phipson, Belinda and Wu, Di and Hu, Yifang and Law, Charity W and Shi, Wei and Smyth, Gordon K},
year = {2015},
title = {limma powers differential expression analyses for RNA-sequencing and microarray studies.},
journal = {Nucleic acids research},
volume = {43},
number = {7},
pages = {e47},
doi = {10.1093/nar/gkv007}
}
@article{Smyth2004,
author = {Smyth, Gordon K},
year = {2004},
title = {Linear models and empirical bayes methods for assessing differential expression in microarray experiments.},
journal = {Statistical applications in genetics and molecular biology},
volume = {3},
number = {1},
pages = {Article3},
doi = {10.2202/1544-6115.1027}
}
